@conference{broscheit2010,
 author = {Broscheit, Samuel and others},
 title = {{BART}: A Multilingual Anaphora Resolution System},
 booktitle = {Proceedings of the 5th International Workshop on Semantic Evaluation},
 series = {SemEval '10},
 year = {2010},
 location = {Los Angeles, California},
 pages = {104--107},
 publisher = {Association for Computational Linguistics},
 address = {Stroudsburg, PA, USA},
}

@article{lee2013,
author = {Lee, Heeyoung and others},
title = {Deterministic Coreference Resolution Based on Entity-centric, Precision-ranked Rules},
journal = {Comput. Linguist.},
issue_date = {December 2013},
volume = {39},
number = {4},
month = dec,
year = {2013},
pages = {885--916},
publisher = {MIT Press},
address = {Cambridge, MA, USA},
}

@conference{versley2008,
author = {Versley, Yannick and others},
title = {{BART}: A Modular Toolkit for Coreference Resolution},
booktitle = {Proceedings of the ACL-08: HLT Demo Session},
month = {June},
year = {2008},
address = {Columbus, Ohio},
publisher = {Association for Computational Linguistics},
pages = {9--12},
}

@article{soon2001,
title={A machine learning approach to coreference resolution of noun phrases},
author={Soon, Wee Meng and others},
journal={Computational linguistics},
volume={27},
number={4},
pages={521--544},
year={2001},
publisher={MIT Press}
}

@conference{versley2006constraint,
title={A constraint-based approach to noun phrase coreference resolution in {G}erman newspaper text},
author={Versley, Yannick},
booktitle={Konferenz zur Verarbeitung Nat{\"u}rlicher Sprache (KONVENS 2006)},
year={2006}
}

@conference{wunsch2006,
title={Anaphora resolution--What helps in {G}erman},
author={Wunsch, Holger},
booktitle={Proceedings of the International Conference on Linguistic Evidence},
pages={101--105},
year={2006}
}

@article{wunsch2010,
title={Rule-Based and Memory-Based Pronoun Resolution for {G}erman: A Comparison and Assessment of Data Sources},
author={Wunsch, Holger},
year={2010}
}

@article{versley2011,
title={Resolving Coreferent Bridging in German Newspaper Text},
author={Versley, Yannick},
year={2011}
}

@conference{broscheit2010extending,
title={Extending {BART} to Provide a Coreference Resolution System for German.},
author={Broscheit, Samuel and others},
booktitle={LREC},
year={2010},
organization={Citeseer}
}

@article{muller2006,
  title={Multi-level annotation of linguistic data with {MMAX2}},
  author={M{\"u}ller, Christoph and Strube, Michael},
  journal={Corpus technology and language pedagogy: New resources, new tools, new methods},
  volume={3},
  pages={197--214},
  year={2006}
}