@inproceedings{broscheit2010,
 author = {Broscheit, Samuel and Poesio, Massimo and Ponzetto, Simone Paolo and Rodriguez, Kepa Joseba and Romano, Lorenza and Uryupina, Olga and Versley, Yannick and Zanoli, Roberto},
 title = {BART: A Multilingual Anaphora Resolution System},
 booktitle = {Proceedings of the 5th International Workshop on Semantic Evaluation},
 series = {SemEval '10},
 year = {2010},
 location = {Los Angeles, California},
 pages = {104--107},
 numpages = {4},
 url = {http://dl.acm.org/citation.cfm?id=1859664.1859685},
 acmid = {1859685},
 publisher = {Association for Computational Linguistics},
 address = {Stroudsburg, PA, USA},
} 
@article{lee2013,
 author = {Lee, Heeyoung and Chang, Angel and Peirsman, Yves and Chambers, Nathanael and Surdeanu, Mihai and Jurafsky, Dan},
 title = {Deterministic Coreference Resolution Based on Entity-centric, Precision-ranked Rules},
 journal = {Comput. Linguist.},
 issue_date = {December 2013},
 volume = {39},
 number = {4},
 month = dec,
 year = {2013},
 issn = {0891-2017},
 pages = {885--916},
 numpages = {32},
 url = {http://dx.doi.org/10.1162/COLI_a_00152},
 doi = {10.1162/COLI_a_00152},
 acmid = {2576221},
 publisher = {MIT Press},
 address = {Cambridge, MA, USA},
} 
@InProceedings{versley2008modular,
  author    = {Versley, Yannick  and  Ponzetto, Simone Paolo  and  Poesio, Massimo  and  Eidelman, Vladimir  and  Jern, Alan  and  Smith, Jason  and  Yang, Xiaofeng  and  Moschitti, Alessandro},
  title     = {BART: A Modular Toolkit for Coreference Resolution},
  booktitle = {Proceedings of the ACL-08: HLT Demo Session},
  month     = {June},
  year      = {2008},
  address   = {Columbus, Ohio},
  publisher = {Association for Computational Linguistics},
  pages     = {9--12},
  url       = {http://www.aclweb.org/anthology/P/P08/P08-4003}
}
@article{soon2001machine,
  title={A machine learning approach to coreference resolution of noun phrases},
  author={Soon, Wee Meng and Ng, Hwee Tou and Lim, Daniel Chung Yong},
  journal={Computational linguistics},
  volume={27},
  number={4},
  pages={521--544},
  year={2001},
  publisher={MIT Press}
}
@inproceedings{versley2006constraint,
  title={A constraint-based approach to noun phrase coreference resolution in German newspaper text},
  author={Versley, Yannick},
  booktitle={Konferenz zur Verarbeitung Nat{\"u}rlicher Sprache (KONVENS 2006)},
  year={2006}
}
@inproceedings{wunsch2006anaphora,
  title={Anaphora resolution--What helps in German},
  author={Wunsch, Holger},
  booktitle={Proceedings of the International Conference on Linguistic Evidence},
  pages={101--105},
  year={2006}
}
@article{wunsch2010rule,
  title={Rule-Based and Memory-Based Pronoun Resolution for German: A Comparison and Assessment of Data Sources},
  author={Wunsch, Holger},
  year={2010}
}
@article{versley2011resolving,
  title={Resolving Coreferent Bridging in German Newspaper Text},
  author={Versley, Yannick},
  year={2011}
}
@inproceedings{broscheit2010extending,
  title={Extending BART to Provide a Coreference Resolution System for German.},
  author={Broscheit, Samuel and Ponzetto, Simone Paolo and Versley, Yannick and Poesio, Massimo},
  booktitle={LREC},
  year={2010},
  organization={Citeseer}
}