@inproceedings{Broscheit:2010:BMA:1859664.1859685,
 author = {Broscheit, Samuel and Poesio, Massimo and Ponzetto, Simone Paolo and Rodriguez, Kepa Joseba and Romano, Lorenza and Uryupina, Olga and Versley, Yannick and Zanoli, Roberto},
 title = {BART: A Multilingual Anaphora Resolution System},
 booktitle = {Proceedings of the 5th International Workshop on Semantic Evaluation},
 series = {SemEval '10},
 year = {2010},
 location = {Los Angeles, California},
 pages = {104--107},
 numpages = {4},
 url = {http://dl.acm.org/citation.cfm?id=1859664.1859685},
 acmid = {1859685},
 publisher = {Association for Computational Linguistics},
 address = {Stroudsburg, PA, USA},
} 
@article{Lee:2013:DCR:2576217.2576221,
 author = {Lee, Heeyoung and Chang, Angel and Peirsman, Yves and Chambers, Nathanael and Surdeanu, Mihai and Jurafsky, Dan},
 title = {Deterministic Coreference Resolution Based on Entity-centric, Precision-ranked Rules},
 journal = {Comput. Linguist.},
 issue_date = {December 2013},
 volume = {39},
 number = {4},
 month = dec,
 year = {2013},
 issn = {0891-2017},
 pages = {885--916},
 numpages = {32},
 url = {http://dx.doi.org/10.1162/COLI_a_00152},
 doi = {10.1162/COLI_a_00152},
 acmid = {2576221},
 publisher = {MIT Press},
 address = {Cambridge, MA, USA},
} 
@InProceedings{versley-EtAl:2008:ACLDemos,
  author    = {Versley, Yannick  and  Ponzetto, Simone Paolo  and  Poesio, Massimo  and  Eidelman, Vladimir  and  Jern, Alan  and  Smith, Jason  and  Yang, Xiaofeng  and  Moschitti, Alessandro},
  title     = {BART: A Modular Toolkit for Coreference Resolution},
  booktitle = {Proceedings of the ACL-08: HLT Demo Session},
  month     = {June},
  year      = {2008},
  address   = {Columbus, Ohio},
  publisher = {Association for Computational Linguistics},
  pages     = {9--12},
  url       = {http://www.aclweb.org/anthology/P/P08/P08-4003}
}

@ONLINE{Versley:2009:Online,
author = {Versley, Yannick and Poesio, Massimo and Rodriguez, Kepa},
title = {BART: A coreference Framework, DGfS fall school Folien},
month = September,
year = {2009},
url = {https://wiki.cl.uni-heidelberg.de/foswiki/pub/Main/SwpKoreferenz/konstanz_tue.pdf}
}




